@Article{paper_1986,
title={Adaptive Interpolation of Discrete-Time Signals That Can Be Modeled as Autoregressive Processes}, 
volume={34}, 
url={https://ieeexplore.ieee.org/document/1164824}, 
DOI={10.1109/TASSP.1986.1164824 }, 
number={2}, 
journal={IEEE Transactions on Acoustics, Speech, and Signal Processing }, 
author={Janssen, A. and Veldhuis, Raymond N. J. and Vries, Lodewijk B.},
year={1986}, 
month={Apr}, 
pages={317–330}
}

@ARTICLE{art4, 
author={H. Akaike}, 
journal={IEEE Transactions on Automatic Control}, 
title={A new look at the statistical model identification}, 
year={1974}, 
volume={19}, 
number={6}, 
pages={716-723}, 
keywords={Parameter identification;Time series;maximum-likelihood (ML) estimation;Testing;Maximum likelihood estimation;Time series analysis;Estimation theory;Linear systems;Roundoff errors;History;Stochastic processes;Sampling methods;Art}, 
doi={10.1109/TAC.1974.1100705}, 
ISSN={0018-9286}, 
month={December},}

@ARTICLE{art5, 
author={S. M. Kay and S. L. Marple}, 
journal={Proceedings of the IEEE}, 
title={Spectrum analysis—A modern perspective}, 
year={1981}, 
volume={69}, 
number={11}, 
pages={1380-1419}, 
keywords={Signal resolution;Doppler radar;Sonar;Economic forecasting;Stochastic processes;Fast Fourier transforms;Signal analysis;Signal processing;Frequency;Energy resolution}, 
doi={10.1109/PROC.1981.12184}, 
ISSN={0018-9219}, 
month={Nov},}

@Article{art12,
author = {J. Durbin},
title = {The fitting of time-series models},
journal = {Rev. Inst. Int. Stat.},
year = {1960},
OPTvolume = {28},
OPTpages = {233-243},
}
